

%%%%
%
% GVFs
%
%%%%%

@article{modayil2014,
  title = {Multi-Timescale {{Nexting}} in a {{Reinforcement Learning Robot}}},
  author = {Modayil, Joseph and White, Adam and Sutton, Richard},
  year = {2014},
  journal = {Adaptive Behavior}
}

@inproceedings{sutton2011,
  title = {Horde: {{A Scalable Real-time Architecture}} for {{Learning Knowledge}} from {{Unsupervised Sensorimotor Interaction}}},
  shorttitle = {Horde},
  booktitle = {The 10th {{International Conference}} on {{Autonomous Agents}} and {{Multiagent Systems}} - {{Volume}} 2},
  author = {Sutton, Richard and Modayil, Joseph and Delp, Michael and Degris, Thomas and Pilarski, Patrick M. and White, Adam and Precup, Doina},
  year = {2011},
  series = {{{AAMAS}} '11},
  publisher = {{International Foundation for Autonomous Agents and Multiagent Systems}},
  address = {{Richland, SC}},
  keywords = {artificial intelligence,knowledge representation,off-policy learning,real-time,reinforcement learning,robotics,temporal-difference learning,value function approximation}
}

@article{white2015,
  title = {Developing a Predictive Approach to Knowledge},
  author = {White, Adam},
  year = {2015},
  journal = {University of Alberta}
}

@inproceedings{mcleod2021continual,
 author = {McLeod, Matthew and Lo, Chunlok and Schlegel, Matthew and Jacobsen, Andrew and Kumaraswamy, Raksha and White, Martha and White, Adam},
 booktitle = {Advances in Neural Information Processing Systems},
 editor = {M. Ranzato and A. Beygelzimer and Y. Dauphin and P.S. Liang and J. Wortman Vaughan},
 pages = {12549--12562},
 publisher = {Curran Associates, Inc.},
 title = {Continual Auxiliary Task Learning},
 url = {https://proceedings.neurips.cc/paper/2021/file/68331ff0427b551b68e911eebe35233b-Paper.pdf},
 volume = {34},
 year = {2021}
}



%%%%%
%
% Other types of predictions
%
%%%%

@inprocedings{sutton1995,
  title = {{{TD Models}}: {{Modeling}} the {{World}} at a {{Mixture}} of {{Time Scales}}},
  shorttitle = {{{TD Models}}},
  booktitle = {Machine {{Learning Proceedings}} 1995},
  author = {Sutton, Richard},
  editor = {Prieditis, Armand and Russell, Stuart},
  year = {1995},
  publisher = {{Morgan Kaufmann}},
  address = {{San Francisco (CA)}},
  langid = {english}
}

%% SRs/SFs


@article{dayan1993,
  title = {Improving {{Generalization}} for {{Temporal Difference Learning}}: {{The Successor Representation}}},
  shorttitle = {Improving {{Generalization}} for {{Temporal Difference Learning}}},
  author = {Dayan, Peter},
  year = {1993},
  journal = {Neural Computation},
  publisher = {{MIT Press}}
}

@article{russek2017,
  title = {Predictive Representations Can Link Model-Based Reinforcement Learning to Model-Free Mechanisms},
  author = {Russek, Evan M. and Momennejad, Ida and Botvinick, Matthew M. and Gershman, Samuel J. and Daw, Nathaniel D.},
  year = {2017},
  journal = {PLOS Computational Biology},
  publisher = {{Public Library of Science}},
  langid = {english}
}

@inproceedings{barreto2018,
  title = {Transfer in {{Deep Reinforcement Learning Using Successor Features}} and {{Generalised Policy Improvement}}},
  booktitle = {International {{Conference}} on {{Machine Learning}}},
  author = {Barreto, Andre and Borsa, Diana and Quan, John and Schaul, Tom and Silver, David and Hessel, Matteo and Mankowitz, Daniel and Zidek, Augustin and Munos, Remi},
  year = {2018},
  publisher = {{PMLR}},
  langid = {english}
}

@article{sherstan2018,
  title = {Accelerating {{Learning}} in {{Constructive Predictive Frameworks}} with the {{Successor Representation}}},
  author = {Sherstan, Craig and Machado, Marlos C. and Pilarski, Patrick M.},
  year = {2018},
  journal = {arXiv:1803.09001 [cs, stat]},
  eprint = {1803.09001},
  eprinttype = {arxiv},
  primaryclass = {cs, stat},
  archiveprefix = {arXiv}
}

% Auxiliary tasks


@article{jaderberg2017,
  title = {{{REINFORCEMENT LEARNING WITH UNSUPERVISED AUXILIARY TASKS}}},
  author = {Jaderberg, Max and Mnih, Volodymyr and Czarnecki, Wojciech Marian and Schaul, Tom and Leibo, Joel Z and Silver, David and Kavukcuoglu, Koray},
  year = {2017},
  journal = {International Conference on Representation Learning},
  langid = {english}
}


% Pred Reps
@inproceedings{sutton2004temporal,
author = {Sutton, Richard and Tanner, Brian},
title = {{Temporal-Difference Networks}},
booktitle = {Advances in Neural Information Processing Systems},
year = {2004}
}

@inproceedings{rafols2006,
  title = {Temporal {{Abstraction}} in {{Temporal-difference Networks}}},
  booktitle = {Advances in {{Neural Information Processing Systems}} 18},
  author = {Rafols, Eddie and Koop, Anna and Sutton, Richard},
  editor = {Weiss, Y. and Sch{\"o}lkopf, B. and Platt, J. C.},
  year = {2006},
  publisher = {{MIT Press}}
}


@article{schlegel2021general,
  title={General value function networks},
  author={Schlegel, Matthew and Jacobsen, Andrew and Abbas, Zaheer and Patterson, Andrew and White, Adam and White, Martha},
  journal={Journal of Artificial Intelligence Research},
  volume={70},
  pages={497--543},
  year={2021}
}

@article{zheng2021learning,
  title={Learning State Representations from Random Deep Action-conditional Predictions},
  author={Zheng, Zeyu and Veeriah, Vivek and Vuorio, Risto and Lewis, Richard L and Singh, Satinder},
  journal={Advances in Neural Information Processing Systems},
  volume={34},
  year={2021}
}

@incollection{sutton1995td,
  title={TD models: Modeling the world at a mixture of time scales},
  author={Sutton, Richard},
  booktitle={Machine Learning Proceedings 1995},
  pages={531--539},
  year={1995},
  publisher={Elsevier}
}

@article{linke2020adapting,
  title={Adapting Behavior via Intrinsic Reward: A Survey and Empirical Study},
  author={Linke, Cam and Ady, Nadia M and White, Martha and Degris, Thomas and White, Adam},
  journal={Journal of Artificial Intelligence Research},
  volume={69},
  pages={1287--1332},
  year={2020}
}

@article{edwards2016application,
  title={Application of real-time machine learning to myoelectric prosthesis control: A case series in adaptive switching},
  author={Edwards, Ann L and Dawson, Michael R and Hebert, Jacqueline S and Sherstan, Craig and Sutton, Richard and Chan, K Ming and Pilarski, Patrick M},
  journal={Prosthetics and orthotics international},
  volume={40},
  number={5},
  pages={573--581},
  year={2016},
  publisher={SAGE Publications Sage UK: London, England}
}


@inproceedings{riedmiller2018learning,
  title={Learning by playing solving sparse reward tasks from scratch},
  author={Riedmiller, Martin and Hafner, Roland and Lampe, Thomas and Neunert, Michael and Degrave, Jonas and Wiele, Tom and Mnih, Vlad and Heess, Nicolas and Springenberg, Jost Tobias},
  booktitle={International conference on machine learning},
  pages={4344--4353},
  year={2018},
  organization={PMLR}
}

@inproceedings{veeriah2019discovery,
  title={{Discovery of useful questions as auxiliary tasks}},
  author={Veeriah, Vivek and Hessel, Matteo and Xu, Zhongwen and Rajendran, Janarthanan and Lewis, Richard L and Oh, Junhyuk and van Hasselt, Hado P and Silver, David and Singh, Satinder},
  booktitle={Advances in Neural Information Processing Systems},
  pages={9306--9317},
  year={2019}
}

@inproceedings{schaul2015universal,
author = {Schaul, Tom and Horgan, Daniel and Gregor, Karol and Silver, David},
title = {{Universal Value Function Approximators.}},
booktitle = {International Conference on Machine Learning},
year = {2015}
}

@article{gunther2016intelligent,
  title={Intelligent laser welding through representation, prediction, and control learning: An architecture with deep neural networks and reinforcement learning},
  author={G{\"u}nther, Johannes and Pilarski, Patrick M and Helfrich, Gerhard and Shen, Hao and Diepold, Klaus},
  journal={Mechatronics},
  volume={34},
  pages={1--11},
  year={2016},
  publisher={Elsevier}
}

@inproceedings{gunther2018predictions,
  title={{Predictions, surprise, and predictions of surprise in general value function architectures}},
  author={G{\"u}nther, Johannes and Kearney, Alex and Dawson, Michael R and Sherstan, Craig and Pilarski, Patrick M},
  booktitle={AAAI 2018 Fall Symposium on Reasoning and Learning in Real-World Systems for Long-Term Autonomy},
  pages={22--29},
  year={2018}
}

@article{van2015learning,
  title={Learning to predict independent of span},
  author={{van Hasselt}, Hado and Sutton, Richard},
  journal={arXiv:1508.04582},
  year={2015}
}

@article{kearney2022,
title={What Should I Know? Using Meta-Gradient Descent for Predictive Feature Discovery in a Single Stream of Experience},
author={Kearney, Alex},
journal={Unpublished},
year={2022}
}

@article{de2018predicting,
  title={Predicting Periodicity with Temporal Difference Learning},
  author={{De Asis}, Kristopher and Bennett, Brendan and Sutton, Richard},
  journal={arXiv preprint arXiv:1809.07435},
  year={2018}
}

@article{fedus2019hyperbolic,
  title={Hyperbolic discounting and learning over multiple horizons},
  author={Fedus, William and Gelada, Carles and Bengio, Yoshua and Bellemare, Marc G and Larochelle, Hugo},
  journal={arXiv preprint arXiv:1902.06865},
  year={2019}
}

@article{jaeger2004harnessing,
  title={Harnessing nonlinearity: Predicting chaotic systems and saving energy in wireless communication},
  author={Jaeger, Herbert and Haas, Harald},
  journal={science},
  year={2004},
  publisher={American Association for the Advancement of Science}
}

@book{oppenheim2010discrete,
title={Discrete-time Signal Processing},
author={Oppenheim, Alan V and Schafer, Ronald W},
year={2010},
publisher={Pearson Higher Education}
}